% Exemplos de referências podem ser encontrados em: https://verbosus.com/bibtex-style-examples.html

@article{Rigolon,
    title={Construção de uma Bengala Eletrônica para Deficiente Visual},
    author={Almeida, Henrique V. S. and Rigolon, Diogo },
    year={2016},
    SCHOOL={Universidade Tecnológica Federal do Paraná}
}

@article{BengalaAutomatizadaArduino,
	title={Desenvolvimento de uma Bengala Automatizada Utilizando Arduino para Deficientes Visuais},
	author={Costa, Rayssa C. and Volkmer, Mayara and Souza, Simone S. F. and Lima, Fernando P. A.},
	journal={Revista Eletrônica De Iniciação Científica Em Computação},
	volume={18},
	number={1},
	year={2020},
}

@article{BarreirasArquitetonicas,
	title={Barreiras arquitetônicas e suas implicações no contexto escolar para pessoas com deficiência física e visual em um projeto educacional},
	author={Neves, Victor M. M. and Neves, Raphael B. and Simões, Samantha H. S. C. and Folha, Débora R. S. C.},
	journal={Revista interinstitucional Brasileira de Terapia Ocupacional},
	volume={5},
	number={2},
	year={2021},
}
@article{TecnologiaAssistivaDeficienciaVisual,
	title={Assistive Technology to help the interaction between visually impaired and computer systems: A Systematic Literature Mapping},
	author={Zen, Eliana and Siedler, Marcelo da S. and Costa, Vinicius K. da and Tavares, Tatiana A.},
	journal={iSys - Brazilian Journal of Information Systems},
	volume={16},
	number={1},
	year={2023},
}

@article{ibge,
    author={Irene Gomes},
    title={Pessoas com deficiência têm menor acesso à educação, ao trabalho e à renda},
    url={https://agenciadenoticias.ibge.gov.br/agencia-noticias/2012-agencia-de-noticias/noticias/37317-pessoas-com-deficiencia-tem-menor-acesso-a-educacao-ao-trabalho-e-a-renda},
    year={2023},
}

@article{introducao-ta,
    author={Rita Bersch},
    title={Introdução à Tecnologia Assistiva},
    year={2017},
}


@article{pcd-mercado-trabalho,
    author = {João Bosco Rodrigues Junior},
    title = {Uma abordagem sobre a inclusão da pessoa com deficiência no mercado de trabalho e seus desafios na isonomia constitucional},
    journal = {Revista Ibero-Americana de Humanidades, Ciências e Educação},
    year = {2023}
}




@book{BarbosaSilva2010,
    title={Interação Humano-Computador: Projetando a Experiência Perfeita},
    author={Silva, Bruno S. da and Junqueira, Simone D.},
    year={2010},
    address = {Rio de Janeiro},
    publisher={Campus}
}

@article{aota,
    author = {American Occupational Therapy Association},
    title = {Estrutura da prática da Terapia Ocupacional: domínio \& processo (3ª Ed)},
    journal = {Revista de Terapia Ocupacional da Universidade de São Paulo},
    volume = {26},
    number = {esp},
    pages = {1-49},
    year = {2015},
}

@book{abnt,
    author = {{Associação Brasileira de Normas Técnicas}},
    title = {ABNT NBR 9050/2004: acessibilidade a edificações, mobiliário, espaços e equipamentos urbanos},
    address = {Rio de Janeiro},
    publisher = {Associação Brasileira de Normas Técnicas},
    year = {2004},
}

@online{laramara,
    title = {Laramara: Sobre},
    year = {2024},
    url = {https://laramara.org.br/sobre/},
}

@online{secretaria,
    TITLE    = {SMPED: Fundos Públicos},
    url  = {https://www.prefeitura.sp.gov.br/cidade/secretarias/pessoa_com_deficiencia/participacao_social/index.php?p=280102},
    year = {2024      }
}

@online{dorina,
    title = {Fundação Dorina Nowill: Projetos},
    url={https://fundacaodorina.org.br/como-ajudar/projetos/?e-filter-afda850-orgao=condeca%7Esmped},
    year={2024}

}

@online{cadevi,
    title = {CENTRO DE APOIO AO DEFICIENTE VISUAL (CADEVI)},
    url={http://cadevi.org.br/},
    year={2024}

}

@estado{secretaria1999,
    author = {},
    booktitle={Entendendo o meio ambiente},
    organization={SÃO PAULO {(Estado).}},
    title={{\normalfont Secretaria do Meio Ambiente.} Tratados e organizações ambientais em matéria de meio ambiente},
    url={http://www.bdt.org.br/sma/entendendo/atual.htm},
    urlaccessdate={8 mar. 2022},
    volume={1},
    year={1999},
    address={São Paulo},
    publisher={SMA}
}



@book{knuth,
	title={The texbook},
	author={Knuth, D.E. and Bibby, D. and Makai, I.},
	volume={1993},
	year={1986},
	publisher={Addison-Wesley}
}

@misc{lamport,
	title={Document Preparation System},
	author={Lamport, L. and LaTEX, A.},
	year={1994},
	publisher={Addison-Wesley}
}

@MASTERSTHESIS{Almeida2018,
	author = {ALMEIDA, M. M. R.},
	TITLE = {Avaliação de métodos de estimativa da capacidade de carga de fundações diretas em solos não saturados. \text{\normalfont\ 2018. 144 f}},
	SCHOOL = {Programa de Pós-Graduação em Engenharia Civil: Geotecnia, Centro de Tecnologia,  Universidade Federal do Ceará},
	YEAR = {2018},
	volume       = 4,
    series       = 5,
    address      = {Fortaleza},
	type = {Mestrado em Engenharia Civil},
}

@phdthesis{Gondim2017,
	author = {GONDIM, D. R.},
	TITLE = {Seleção de materiais com potencial aplicação na purificação de IgG humana. \text{\normalfont\ 2017. 164 f}},
	SCHOOL = {Programa de Pós-Graduação em Engenharia Civil: Geotecnia, Centro de Tecnologia, Universidade Federal do Ceará},
	YEAR = {2018},
	volume       = 4,
    series       = 5,
    address      = {Fortaleza},
	type = {Doutorado em Engenharia Química},
}

@article{mortalidade,
	title={Mortalidade neonatal: fatores de risco em um município no sul do Brasil},
	author={MARAM, E. and UCHIMURA, T. T.},
	journal={Rev. Eletr. Enf.},
	volume={10},
	number={1},
	pages={29-38},
	year={2008},
}

@inproceedings{Huetal2000,
	author = "J. Hu and H.R. Wu and A. Jennings and X. Wang",
	title = "Fast and robust equalization: A case study",
	booktitle = "Proceedings of the World Multiconference on Systemics, Cybernetics and Informatics, (SCI 2000), Florida, USA, 23-26 July 2000",
	publisher = "International Institute of Informatics and Systemics", 
	address = "FL, USA",
	pages = "398-403",
	year = "2000"
}

@book{rakov2003lightning,
    title={Lightning},
    subtitle={physics and effects},
    author={Rakov, Vladimir A and Uman, Martin A},
    year={2003},
    address = {},
    publisher={Cambridge University Press}
}


@INTERNET{www11a,
    TITLE    = "Flight Equations with Drag",
    WEBSITE  = "http://www.grc.nasa.gov/WWW/k-12/airplane/flteqs.html",
    ACCESSED = "2011 " # oct     }
}

@online{elat2015densidade,
    author = {GRUPO{ }DE{ }{E}LETRICIDADE{ }{A}TMOSFÉRICA},
    title = {Densidade de descargas atmosféricas para a terra (Ng)},
    address = {Rio de Janeiro},
    number = {2},
    year = 2015,
    url = {http://www.inpe.br/webelat/ABNT_NBR5419_Ng/},
    urlaccessdate = {28 jun. 2016},
    note={Dados publicados na ABNT NBR 5419-2:2015 -- Proteção contra descargas atmosféricas – Parte 2: Gerenciamento de risco},
    publisher={[\textit{s. n.}]}
}


@estado{secretaria1999,
    author = {},
    booktitle={Entendendo o meio ambiente},
    organization={SÃO PAULO {(Estado).}},
    title={{\normalfont Secretaria do Meio Ambiente.} Tratados e organizações ambientais em matéria de meio ambiente},
    url={http://www.bdt.org.br/sma/entendendo/atual.htm},
    urlaccessdate={8 mar. 2022},
    volume={1},
    year={1999},
    address={São Paulo},
    publisher={SMA}
}


@book{NBR10520:2002,
    address={Rio de Janeiro},
    month={out.},
    organization={ASSOCIAÇÃO{ }BRASILEIRA{ }DE{ }NORMAS{ }TÉCNICAS},
    org-short={ASSOCIAÇÃO{ }BRASILEIRA{ }DE{ }NORMAS{ }TÉCNICAS},
    title={{NBR} 10520},
    subtitle={Informação e documentação: citações em documentos: apresentação},
    year={2002},
    publisher={ABNT}
}

@book{manuais1989,
    author = {},
    address={São Paulo},
    organization={SÃO PAULO {(Estado). Secretaria do Meio Ambiente. Coordenadoria de Planejamento Ambiental}},
    pages={48},
    title={Estudo de impacto ambiental – EIA, Relatório de impacto ambiental – RIMA},
    subtitle={manual de orientação},
    series={Séries manuais},
    year={1989},
    publisher={Secretaria do Meio Ambiente},
}

@misc{UFC2012,
author = {{U}niversidade{ }{F}ederal{ }do{ }{C}ear{\'a}},
title = {Reitoria da {U}niversidade {F}ederal do {C}ear{\'a} },
year = {2012},
address={Fortaleza},
publisher={UFC},
url = {http://www.ufc.br/contatos/2-a-universidade},
date = {2016},
OPTsubtitle = {teste},
OPTtitleaddon = {•},
OPTlanguage = {•},
OPTversion = {•},
OPTorganization = {•},
OPTmonth = {•},
OPTaddendum = {•},
urlaccessdate = {28 jul. 2016}
}

@misc{NASA2016,
author = { {A}dministra{\c{c}}{\~a}o{ }{N}acional{ }do{ }{E}spa{\c{c}}o{ }e{ }{A}eron{\'a}utica},
title = {{G}ráfico{ }da{ }{a}tmosfera{ }{s}uperior },
year = {2016},
url = {http://www.nasa.gov/mission_pages/sunearth/science/upper-atmosphere-graphic.html},
date = {2016},
OPTsubtitle = {teste},
OPTtitleaddon = {•},
OPTlanguage = {•},
OPTversion = {•},
OPTorganization = {•},
OPTmonth = {•},
OPTaddendum = {•},
urlaccessdate = {28 jul. 2016},
address={Washington, DC},
publisher={NASA}
}

@book{goossens1994latex,
  title={The LATEX companion},
  author={Goossens, Michel and Mittelbach, Frank and Samarin, Alexander and Souidi, El Mamoun},
  volume={2},
  year={1994},
  address = {Massachusetts},
  publisher={Addison-Wesley Reading},
}

@article{feitosa2016,
	title={Complexas mediações},
	subtitle={transdisciplinaridade e incertezas nas recepções informacionais},
	author={L Feitosa},
	journal={Informação em Pauta},
	volume={1},
	number={1},
	pages={98-117},
	year={2016},
	publisher={Fortaleza} 
}

@book{LangtangenLogg2017,
 title = {Solving PDEs in Python},
 author = {Hans Petter Langtangen and Anders Logg},
 year = {2017},
 publisher = {Springer},
 doi = {10.1007/978-3-319-52462-7},
 address = {},
 isbn = {978-3-319-52461-0},
}